@misc{nscai_2021, title={2021 final report}, url={https://www.nscai.gov/2021-final-report/}, journal={NSCAI}, year={2021}, month={May}} 

@book{nscai_kor_2021, place={서울, 서울}, title={백악관 AI 리포트}, publisher={쇼팽의 서재}, author={미국 인공지능국가안보위원회 NSCAI}, editor={전 승욱Translator}, year={2021}} 

@book{bevir2012governance,
title={Governance: A Very Short Introduction},
author={Bevir, M.},
isbn={9780191646294},
lccn={2012533404},
series={Very Short Introductions},
url={https://books.google.co.kr/books?id=ozjcWIfhoO8C},
year={2012},
publisher={OUP Oxford}
}

@misc{mueller, title={Report On The Investigation Into Russian Interference In The 2016 Presidential Election}, url={https://www.justice.gov/archives/sco/file/1373816/}, journal={The United States Department of Justice}, author={Mueller, Robert S}} 
